@book{koza92,
		author    = "Koza, John R.",
		title     = "Genetic Programming: On the Programming of Computers by Means of Natural Selection",
		publisher = "MIT Press",
		year      = "1992"
}


@misc{ wiki:latex,
       author = "Wikipedia",
       title = "LaTeX --- Wikipedia{,} La enciclopedia libre",
       year = "2015",
       url = "https://es.wikipedia.org/w/index.php?title=LaTeX&oldid=84209252",
       note = "[Internet; descargado 30-septiembre-2015]"
}
@techreport{crue2012sostenibilidad,
  author      = {{Comisión de Calidad Ambiental, Desarrollo Sostenible y Prevención de Riesgos (CADEP-CRUE)}},
  title       = {Directrices para la introducci{\'o}n de la Sostenibilidad en el Curriculum},
  institution = {Conferencia de Rectores de las Universidades Espa{\~n}olas (CRUE)},
  year        = {2012},
  note        = {Documento revisado y presentado en la Asamblea General de la CRUE de 28 de junio de 2012},
  url         = {https://www.crue.org/wp-content/uploads/2020/02/Directrices_Sosteniblidad_Crue2012.pdf}
}