@book{koza92,
		author    = "Koza, John R.",
		title     = "Genetic Programming: On the Programming of Computers by Means of Natural Selection",
		publisher = "MIT Press",
		year      = "1992"
}


@misc{ wiki:latex,
       author = "Wikipedia",
       title = "LaTeX --- Wikipedia{,} La enciclopedia libre",
       year = "2015",
       howpublished = {\url{https://es.wikipedia.org/w/index.php?title=LaTeX&oldid=84209252}},
       note = "[Internet; descargado 30-septiembre-2015]"
}


@article{bortolot2005,
  title={Estimating forest biomass using small footprint LiDAR data: An individual tree-based approach that incorporates training data},
  author={Bortolot, Zachary J and Wynne, Randolph H},
  journal={ISPRS Journal of Photogrammetry and Remote Sensing},
  volume={59},
  number={6},
  pages={342--360},
  year={2005},
  publisher={Elsevier}
}

@misc{KafkaWebDoc,
    author = {{Apache Software Foundation}},
    title = {Apache Kafka Documentation},
    howpublished = {\url{https://kafka.apache.org/documentation/}},
    year = {2025}, 
    note = {Accedido el: 30-Abr-2025} 
}

@misc{SparkWebDoc,
    author = {{Apache Software Foundation}},
    title = {Apache Spark{\texttrademark} - Unified Analytics Engine for Big Data},
    howpublished = {\url{https://spark.apache.org/}},
    year = {2025},
    note = {Accedido el: 30-Abr-2025}
}

@misc{JitsiJibriDocs,
    author = {{Jitsi Community and {8x8, Inc.}}},
    title = {Jitsi Handbook Documentation},
    howpublished = {\url{https://jitsi.github.io/handbook/docs/intro}},
    year = {2025},
    note = {Accedido el: 30-Abr-2025}
}
@misc{docker_docs,
  author = {{Docker, Inc.}},
  title  = {Docker Documentation},
  year   = {2025},
  note   = {Disponible en: \url{https://docs.docker.com/}},
  urldate = {2025-06-14}
}

@misc{confluent_docker,
  author = {{Confluent, Inc.}},
  title  = {Confluent Platform Docker Images},
  year   = {2025},
  note   = {Disponible en: \url{https://docs.confluent.io/platform/current/installation/docker/image-reference.html}},
  urldate = {2025-06-14}
}
@misc{trigas2012metodologia,
  title={Metodologia scrum},
  author={Trig{\'a}s Gallego, Manuel},
  year={2012}
}
@misc{python_software_foundation,
  author = {{Python Software Foundation}},
  title  = {Python Language Reference},
  year   = {2025},
  note   = {Disponible en: \url{https://www.python.org}},
  urldate = {2025-06-17}
}

@misc{atlassian_jira,
  author = {{Atlassian}},
  title  = {Jira Software},
  year   = {2025},
  note   = {Disponible en: \url{https://www.atlassian.com/software/jira}},
  urldate = {2025-06-17}
}
@misc{opencv_library,
  title         = {Open Source Computer Vision Library},
  author        = {{Intel Corporation}},
  howpublished  = {\url{https://opencv.org/}},
  year          = {2025},
  note          = {Accedido el: 18-Jun-2025}
}

@misc{letsencrypt_org,
  author = {{Internet Security Research Group}},
  title  = {Let's Encrypt},
  howpublished = {\url{https://letsencrypt.org/}},
  year   = {2025},
  note   = {Accedido el: 18-Jun-2025}
}